@article{vaibhavPrep,
  title={Mechanical response of thermally processed glass},
  author={Vaibhav, Vinay and Horbach, J{\"u}rgen and Chaudhuri, Pinaki},
  journal={Under preparation},
  volume={},
  number={},
  pages={},
  year={2022},
  publisher={}
}

@article{ninarello2017models,
  title={Models and algorithms for the next generation of glass transition studies},
  author={Ninarello, Andrea and Berthier, Ludovic and Coslovich, Daniele},
  journal={Physical Review X},
  volume={7},
  number={2},
  pages={021039},
  year={2017},
  publisher={APS}
}

@article{debenedetti2001supercooled,
  title={Supercooled liquids and the glass transition},
  author={Debenedetti, Pablo G and Stillinger, Frank H},
  journal={Nature},
  volume={410},
  number={6825},
  pages={259--267},
  year={2001},
  publisher={Nature Publishing Group}
}

@article{vaibhav2021influence,
  title={Influence of thermalization protocol on Poiseuille flow of confined soft glass},
  author={Vaibhav, Vinay and Chaudhuri, Pinaki},
  journal={Physics of Fluids},
  volume={33},
  number={5},
  pages={053103},
  year={2021},
  publisher={AIP Publishing LLC}
}

@article{vaibhav2022rheological,
  title={Rheological response of a glass-forming liquid having large bidispersity},
  author={Vaibhav, Vinay and Horbach, J{\"u}rgen and Chaudhuri, Pinaki},
  journal={arXiv preprint arXiv:2202.12612},
  year={2022}
}

@article{vaibhav2022finite,
  title={Finite-size effects in the diffusion dynamics of a glass-forming binary mixture with large size ratio},
  author={Vaibhav, Vinay and Horbach, J{\"u}rgen and Chaudhuri, Pinaki},
  journal={arXiv preprint arXiv:2202.12189},
  year={2022}
}

@article{voigtmann2009double,
  title={Double transition scenario for anomalous diffusion in glass-forming mixtures},
  author={Voigtmann, Th and Horbach, J{\"u}rgen},
  journal={Physical review letters},
  volume={103},
  number={20},
  pages={205901},
  year={2009},
  publisher={APS}
}

@article{berthier2011theoretical,
  title={Theoretical perspective on the glass transition and amorphous materials},
  author={Berthier, Ludovic and Biroli, Giulio},
  journal={Reviews of modern physics},
  volume={83},
  number={2},
  pages={587},
  year={2011},
  publisher={APS}
}

@article{angell1995formation,
  title={Formation of glasses from liquids and biopolymers},
  author={Angell, C Austen},
  journal={Science},
  volume={267},
  number={5206},
  pages={1924--1935},
  year={1995},
  publisher={American Association for the Advancement of Science}
}

@book{binder2011glassy,
  title={Glassy materials and disordered solids: An introduction to their statistical mechanics},
  author={Binder, Kurt and Kob, Walter},
  year={2011},
  publisher={World scientific}
}

@article{nicolas2018deformation,
  title={Deformation and flow of amorphous solids: Insights from elastoplastic models},
  author={Nicolas, Alexandre and Ferrero, Ezequiel E and Martens, Kirsten and Barrat, Jean-Louis},
  journal={Reviews of Modern Physics},
  volume={90},
  number={4},
  pages={045006},
  year={2018},
  publisher={APS}
}

@article{schuh2007mechanical,
  title={Mechanical behavior of amorphous alloys},
  author={Schuh, Christopher A and Hufnagel, Todd C and Ramamurty, Upadrasta},
  journal={Acta Materialia},
  volume={55},
  number={12},
  pages={4067--4109},
  year={2007},
  publisher={Elsevier}
}

@article{kob1995testing,
  title={Testing mode-coupling theory for a supercooled binary Lennard-Jones mixture I: The van Hove correlation function},
  author={Kob, Walter and Andersen, Hans C},
  journal={Physical Review E},
  volume={51},
  number={5},
  pages={4626},
  year={1995},
  publisher={APS}
}

@article{plimpton1995fast,
  title={Fast parallel algorithms for short-range molecular dynamics},
  author={Plimpton, Steve},
  journal={Journal of computational physics},
  volume={117},
  number={1},
  pages={1--19},
  year={1995},
  publisher={Elsevier}
}

@article{stukowski2009visualization,
  title={Visualization and analysis of atomistic simulation data with OVITO--the Open Visualization Tool},
  author={Stukowski, Alexander},
  journal={Modelling and simulation in materials science and engineering},
  volume={18},
  number={1},
  pages={015012},
  year={2009},
  publisher={IOP Publishing}
}

@article{keim2019memory,
  title={Memory formation in matter},
  author={Keim, Nathan C and Paulsen, Joseph D and Zeravcic, Zorana and Sastry, Srikanth and Nagel, Sidney R},
  journal={Reviews of Modern Physics},
  volume={91},
  number={3},
  pages={035002},
  year={2019},
  publisher={APS}
}

@article{ketov2015rejuvenation,
  title={Rejuvenation of metallic glasses by non-affine thermal strain},
  author={Ketov, SV and Sun, YH and Nachum, S and Lu, Z and Checchi, A and Beraldin, AR and Bai, HY and Wang, WH and Louzguine-Luzgin, DV and Carpenter, MA and others},
  journal={Nature},
  volume={524},
  number={7564},
  pages={200--203},
  year={2015},
  publisher={Nature Publishing Group}
}

@article{hufnagel2015cryogenic,
  title={Cryogenic rejuvenation},
  author={Hufnagel, Todd C},
  journal={Nature materials},
  volume={14},
  number={9},
  pages={867--868},
  year={2015},
  publisher={Nature Publishing Group}
}

@article{bonn2017yield,
  title={Yield stress materials in soft condensed matter},
  author={Bonn, Daniel and Denn, Morton M and Berthier, Ludovic and Divoux, Thibaut and Manneville, S{\'e}bastien},
  journal={Reviews of Modern Physics},
  volume={89},
  number={3},
  pages={035005},
  year={2017},
  publisher={APS}
}

@article{vaibhav2020response,
  title = {Response of glassy liquids to thermal gradients},
  author = {Vaibhav, Vinay and Horbach, J\"urgen and Chaudhuri, Pinaki},
  journal = {Phys. Rev. E},
  volume = {101},
  issue = {2},
  pages = {022605},
  numpages = {8},
  year = {2020},
  month = {Feb},
  publisher = {American Physical Society},
  url = {https://link.aps.org/doi/10.1103/PhysRevE.101.022605}
}

@article{travis2000,
  title={Poiseuille flow of Lennard-Jones fluids in narrow slit pores},
  author={Travis, Karl P and Gubbins, Keith E},
  journal={The Journal of chemical physics},
  volume={112},
  number={4},
  pages={1984--1994},
  year={2000},
  publisher={American Institute of Physics}
}

@book{glassbook,
  title={Glassy materials and disordered solids: An introduction to their statistical mechanics},
  author={Binder, Kurt and Kob, Walter},
  year={2011},
  publisher={World scientific}
}

@misc{degroot,
  title={P., Mazur: Non equilibrium thermodynamics},
  author={De Groot, SR},
  year={1984},
  publisher={Dover}
}

@book{ludwig,
  title={Diffusion zwischen ungleich erw{\"a}rmten Orten gleich zusammengesetzter L{\"o}sung},
  author={Ludwig, C},
  year={1856},
  publisher={Aus der KK Hof-und Staatsdruckerei, in Commission bei W. Braum{\"u}ller~…}
}

@article{soret,
  title={Etat d’{\'e}quilibre des dissolutions dont deux parties sont port{\'e}es {\`a} des temp{\'e}ratures diff{\'e}rentes},
  author={Soret, Charles},
  journal={Arch. Sci. Phys. Nat. Geneve},
  volume={2},
  pages={48--64},
  year={1879} 
}

@article{ikeshoji1994,
  title={Non-equilibrium molecular dynamics calculation of heat conduction in liquid and through liquid-gas interface},
  author={Ikeshoji, Tamio and Hafskjold, Bj{\o}rn},
  journal={Molecular Physics},
  volume={81},
  number={2},
  pages={251--261},
  year={1994},
  publisher={Taylor \& Francis}
}

@article{reith,
  title={On the nature of thermal diffusion in binary Lennard-Jones liquids},
  author={Reith, Dirk and M{\"u}ller-Plathe, Florian},
  journal={The Journal of Chemical Physics},
  volume={112},
  number={5},
  pages={2436--2443},
  year={2000},
  publisher={American Institute of Physics}
}

@article{artola07,
  title={Microscopic interpretation of a pure chemical contribution to the Soret effect},
  author={Artola, Pierre-Arnaud and Rousseau, Bernard},
  journal={Physical review letters},
  volume={98},
  number={12},
  pages={125901},
  year={2007},
  publisher={APS}
}

@article{platten2006,
  title={The Soret effect: a review of recent experimental results},
  author={Platten, Jean K},
  journal={Journal of Applied Mechanics},
  year={2006}
}

@article{koehler2016,
  title={The soret effect in liquid mixtures--a review},
  author={Koehler, Werner and Morozov, Konstantin I},
  journal={Journal of Non-Equilibrium Thermodynamics},
  volume={41},
  number={3},
  pages={151--197},
  year={2016},
  publisher={De Gruyter}
}

@article{bresme2014,
  title={Thermal conductivity of highly asymmetric binary mixtures: how important are heat/mass coupling effects?},
  author={Armstrong, Jeff and Bresme, Fernando},
  journal={Physical Chemistry Chemical Physics},
  volume={16},
  number={24},
  pages={12307--12316},
  year={2014},
  publisher={Royal Society of Chemistry}
}

@article{ciccotti2017,
  title={Thermal diffusion in binary mixtures: Transient behavior and transport coefficients from equilibrium and nonequilibrium molecular dynamics},
  author={Bonella, Sara and Ferrario, Mauro and Ciccotti, Giovanni},
  journal={Langmuir},
  volume={33},
  number={42},
  pages={11281--11290},
  year={2017},
  publisher={ACS Publications}
}

@article{angell1986,
  title={Recent developments in fast ion transport in glassy and amorphous materials},
  author={Angell, CA},
  journal={Solid State Ionics},
  volume={18},
  pages={72--88},
  year={1986},
  publisher={Elsevier}
}

@article{liu,
  title={Thermal diffusion and compositional inhomogeneity in cast Zr50Cu50 bulk metallic glass},
  author={Liu, Yong and Liu, Chain T and George, Easo P and Wang, XZ},
  journal={Applied physics letters},
  volume={89},
  number={5},
  pages={051919},
  year={2006},
  publisher={American Institute of Physics}
}

@article{clever2012,
  title={Optimal control of radiative heat transfer in glass cooling with restrictions on the temperature gradient},
  author={Clever, Debora and Lang, Jens},
  journal={Optimal Control Applications and Methods},
  volume={33},
  number={2},
  pages={157--175},
  year={2012},
  publisher={Wiley Online Library}
}

@article{ediger2017,
  title={Perspective: Highly stable vapor-deposited glasses},
  author={Ediger, Mark D},
  journal={The Journal of chemical physics},
  volume={147},
  number={21},
  pages={210901},
  year={2017},
  publisher={AIP Publishing LLC}
}

@article{rauch2002,
  title={Diffusion and thermal diffusion of semidilute to concentrated solutions of polystyrene in toluene in the vicinity of the glass transition},
  author={Rauch, J{\"u}rgen and K{\"o}hler, Werner},
  journal={Physical review letters},
  volume={88},
  number={18},
  pages={185901},
  year={2002},
  publisher={APS}
}

@article{physicslava,
  title={Mystery of Isotope Separation in Lava is Solved},
  author={Castelvecchi, Davide},
  journal={Physics},
  volume={5},
  pages={18},
  year={2012},
  publisher={APS}
}

@article{lacks,
  title={Isotope fractionation by thermal diffusion in silicate melts},
  author={Lacks, Daniel J and Goel, Gaurav and Bopp IV, Charles J and Van Orman, James A and Lesher, Charles E and Lundstrom, Craig C},
  journal={Physical review letters},
  volume={108},
  number={6},
  pages={065901},
  year={2012},
  publisher={APS}
}

@article{liu11,
  title={Formation mechanism of element distribution in glass under femtosecond laser irradiation},
  author={Shimizu, Masahiro and Sakakura, Masaaki and Kanehira, Shingo and Nishi, Masayuki and Shimotsuma, Yasuhiko and Hirao, Kazuyuki and Miura, Kiyotaka},
  journal={Optics letters},
  volume={36},
  number={11},
  pages={2161--2163},
  year={2011},
  publisher={Optical Society of America}
}

@article{bhuyan,
  title={Aging effects on thermal conductivity of glass-forming liquids},
  author={Bhuyan, Pranab Jyoti and Mandal, Rituparno and Chaudhuri, Pinaki and Dhar, Abhishek and Dasgupta, Chandan},
  journal={Physical Review E},
  volume={101},
  number={2},
  pages={022125},
  year={2020},
  publisher={APS}
}

@article{mizuno,
  title={Elastic heterogeneity, vibrational states, and thermal conductivity across an amorphisation transition},
  author={Mizuno, Hideyuki and Mossa, Stefano and Barrat, Jean-Louis},
  journal={EPL (Europhysics Letters)},
  volume={104},
  number={5},
  pages={56001},
  year={2013},
  publisher={IOP Publishing}
}

@article{gotze89,
  title={Generalised constitutive equations for glassy systems},
  author={Gotze, W and Latz, A},
  journal={Journal of Physics: Condensed Matter},
  volume={1},
  number={26},
  pages={4169},
  year={1989},
  publisher={IOP Publishing}
}

@article{scheidler01,
  title={Frequency-dependent specific heat of viscous silica},
  author={Scheidler, Peter and Kob, Walter and Latz, Arnulf and Horbach, J{\"u}rgen and Binder, Kurt},
  journal={Physical Review B},
  volume={63},
  number={10},
  pages={104204},
  year={2001},
  publisher={APS}
}

@article{kob94,
  title={Scaling behavior in the $\beta$-relaxation regime of a supercooled Lennard-Jones mixture},
  author={Kob, Walter and Andersen, Hans C},
  journal={Physical review letters},
  volume={73},
  number={10},
  pages={1376},
  year={1994},
  publisher={APS}
}

@article{toxvaerd09,
  title={Stability of supercooled binary liquid mixtures},
  author={Toxvaerd, S{\o}ren and Pedersen, Ulf R and Schr{\o}der, Thomas B and Dyre, Jeppe C},
  journal={The Journal of chemical physics},
  volume={130},
  number={22},
  pages={224501},
  year={2009},
  publisher={American Institute of Physics}
}

@article{pedersen18,
  title={Phase diagram of Kob-Andersen-type binary Lennard-Jones mixtures},
  author={Pedersen, Ulf R and Schr{\o}der, Thomas B and Dyre, Jeppe C},
  journal={Physical review letters},
  volume={120},
  number={16},
  pages={165501},
  year={2018},
  publisher={APS}
}

@article{amore11,
  title={Is there a relation between excess volume and miscibility in binary liquid mixtures?},
  author={Amore, S and Horbach, J{\"u}rgen and Egry, Ivan},
  journal={The Journal of chemical physics},
  volume={134},
  number={4},
  pages={044515},
  year={2011},
  publisher={American Institute of Physics}
}

@article{interdiff,
  title={Self-diffusion and interdiffusion in Al 80 Ni 20 melts: Simulation and experiment},
  author={Horbach, Juergen and Das, Subir K and Griesche, Axel and Macht, M-P and Frohberg, Guenter and Meyer, Andreas},
  journal={Physical Review B},
  volume={75},
  number={17},
  pages={174304},
  year={2007},
  publisher={APS}
}

@article{baranyai,
  title={Heat flow studies for large temperature gradients by molecular dynamics simulation},
  author={Baranyai, Andras},
  journal={Physical Review E},
  volume={54},
  number={6},
  pages={6911},
  year={1996},
  publisher={APS}
}

@article{cargill,
  title={Description of chemical ordering in amorphous alloys},
  author={Cargill III, GS and Spaepen, F},
  journal={Journal of Non-Crystalline Solids},
  volume={43},
  number={1},
  pages={91--97},
  year={1981},
  publisher={Elsevier}
}

@article{ludo,
  title={Nonequilibrium dynamics and fluctuation-dissipation relation in a sheared fluid},
  author={Berthier, Ludovic and Barrat, Jean-Louis},
  journal={The Journal of Chemical Physics},
  volume={116},
  number={14},
  pages={6228--6242},
  year={2002},
  publisher={American Institute of Physics}
}

@article{zausch,
  title={From equilibrium to steady state: the transient dynamics of colloidal liquids under shear},
  author={Zausch, Jochen and Horbach, J{\"u}rgen and Laurati, Marco and Egelhaaf, Stefan Ulrich and Brader, Joseph M and Voigtmann, Th and Fuchs, Matthias},
  journal={Journal of Physics: Condensed Matter},
  volume={20},
  number={40},
  pages={404210},
  year={2008},
  publisher={IOP Publishing}
}

@article{sondermann2019,
  title={In situ Measurement of Thermodiffusion in Liquid Alloys},
  author={Sondermann, Elke and Kargl, Florian and Meyer, Andreas},
  journal={Physical Review Letters},
  volume={123},
  number={25},
  pages={255902},
  year={2019},
  publisher={APS}
}

@article{hartkamp2017,
  title={Water flow in carbon nanotubes: The effect of tube flexibility and thermostat},
  author={Sam, Alan and Kannam, Sridhar Kumar and Hartkamp, Remco and Sathian, Sarith P},
  journal={The Journal of Chemical Physics},
  volume={146},
  number={23},
  pages={234701},
  year={2017},
  publisher={AIP Publishing LLC}
}

@inproceedings{luding2007,
  title={Poiseuille flow in a nanochannel-use of different thermostats},
  author={Ghosh, A and Paredes, R and Luding, S},
  booktitle={International Congress of Particle Technology, Nuremberg, Germany},
  pages={1--4},
  year={2007}
}

@article{yethiraj1997,
  title={Molecular simulation and continuum mechanics study of simple fluids in non-isothermal planar couette flows},
  author={Khare, Rajesh and de Pablo, Juan and Yethiraj, Arun},
  journal={The Journal of chemical physics},
  volume={107},
  number={7},
  pages={2589--2596},
  year={1997},
  publisher={American Institute of Physics}
}

%vibrating wall
@article{thompson1990,
  title={Shear flow near solids: Epitaxial order and flow boundary conditions},
  author={Thompson, Peter A and Robbins, Mark O},
  journal={Physical review A},
  volume={41},
  number={12},
  pages={6830},
  year={1990},
  publisher={APS}
}

@article{powles1992,
  title={A new model for permeable micropores},
  author={Powles, Jack G and Murad, S and Ravi, PV},
  journal={Chemical physics letters},
  volume={188},
  number={1-2},
  pages={21--24},
  year={1992},
  publisher={Elsevier}
}

@article{todd1995,
  title={Pressure tensor for inhomogeneous fluids},
  author={Todd, BD and Evans, Denis J and Daivis, Peter J},
  journal={Physical Review E},
  volume={52},
  number={2},
  pages={1627},
  year={1995},
  publisher={APS}
}

@book{evansMorrissBook,
  title={Statistical Mechanics of Nonequilbrium Liquids},
  author={J Evans, Denis and P Morriss, Gary},
  year={2007},
  publisher={ANU Press}
}

@article{koplik2001,
  title={Boundary conditions at a fluid-solid interface},
  author={Cieplak, Marek and Koplik, Joel and Banavar, Jayanth R},
  journal={Physical Review Letters},
  volume={86},
  number={5},
  pages={803},
  year={2001},
  publisher={APS}
}

@article{koplik2006,
  title={Slip, immiscibility, and boundary conditions at the liquid-liquid interface},
  author={Koplik, Joel and Banavar, Jayanth R},
  journal={Physical review letters},
  volume={96},
  number={4},
  pages={044505},
  year={2006},
  publisher={APS}
}

@article{varnik2002,
  title={Shear viscosity of a supercooled polymer melt via nonequilibrium molecular dynamics simulations},
  author={Varnik, F and Binder, K},
  journal={The Journal of chemical physics},
  volume={117},
  number={13},
  pages={6336--6349},
  year={2002},
  publisher={American Institute of Physics}
}

@article{kim2008,
  title={Thermal interactions in nanoscale fluid flow: molecular dynamics simulations with solid--liquid interfaces},
  author={Kim, Bo Hung and Beskok, Ali and Cagin, Tahir},
  journal={Microfluidics and Nanofluidics},
  volume={5},
  number={4},
  pages={551--559},
  year={2008},
  publisher={Springer}
}

%frozen wall

@article{pinaki2014,
  title={Poiseuille flow of soft glasses in narrow channels: From quiescence to steady state},
  author={Chaudhuri, Pinaki and Horbach, J{\"u}rgen},
  journal={Physical Review E},
  volume={90},
  number={4},
  pages={040301},
  year={2014},
  publisher={APS}
}

%compare kappa
@article{priezjev2007,
  title={Effect of surface roughness on rate-dependent slip in simple fluids},
  author={Priezjev, Nikolai V},
  journal={The Journal of chemical physics},
  volume={127},
  number={14},
  pages={144708},
  year={2007},
  publisher={American Institute of Physics}
}


@article{mansard2014boundary,
  title={Boundary conditions for soft glassy flows: slippage and surface fluidization},
  author={Mansard, Vincent and Bocquet, Lyd{\'e}ric and Colin, Annie},
  journal={Soft matter},
  volume={10},
  number={36},
  pages={6984--6989},
  year={2014},
  publisher={Royal Society of Chemistry}
}

@article{goyon2008spatial,
  title={Spatial cooperativity in soft glassy flows},
  author={Goyon, Julie and Colin, Annie and Ovarlez, G and Ajdari, A and Bocquet, L},
  journal={Nature},
  volume={454},
  number={7200},
  pages={84--87},
  year={2008},
  publisher={Nature Publishing Group}
}

@article{chaudhuri2012dynamical,
  title={Dynamical flow arrest in confined gravity driven flows of soft jammed particles},
  author={Chaudhuri, Pinaki and Mansard, Vincent and Colin, Annie and Bocquet, Lyderic},
  journal={Physical review letters},
  volume={109},
  number={3},
  pages={036001},
  year={2012},
  publisher={APS}
}

@article{mansard2013molecular,
  title={A molecular dynamics study of non-local effects in the flow of soft jammed particles},
  author={Mansard, Vincent and Colin, Annie and Chaudhuri, Pinaki and Bocquet, Lyd{\'e}ric},
  journal={Soft matter},
  volume={9},
  number={31},
  pages={7489--7500},
  year={2013},
  publisher={Royal Society of Chemistry}
}

@article{sarkar2020poiseuille,
  title={Poiseuille Flow of Soft Polycrystals in 2D Rough Channels},
  author={Sarkar, Tanmoy and Chaudhuri, Pinaki and Sain, Anirban},
  journal={Physical Review Letters},
  volume={124},
  number={15},
  pages={158003},
  year={2020},
  publisher={APS}
}

@article{nordstrom2010microfluidic,
  title={Microfluidic rheology of soft colloids above and below jamming},
  author={Nordstrom, Kerstin N and Verneuil, E and Arratia, PE and Basu, Anindita and Zhang, Zheng and Yodh, Arjun G and Gollub, Jerry P and Durian, Douglas J},
  journal={Physical review letters},
  volume={105},
  number={17},
  pages={175701},
  year={2010},
  publisher={APS}
}

@article{ballesta2012wall,
  title={Wall slip and flow of concentrated hard-sphere colloidal suspensions},
  author={Ballesta, P and Petekidis, G and Isa, L and Poon, WCK and Besseling, R},
  journal={Journal of Rheology},
  volume={56},
  number={5},
  pages={1005--1037},
  year={2012},
  publisher={The Society of Rheology}
}

@article{lulli2018metastability,
  title={Metastability at the yield-stress transition in soft glasses},
  author={Lulli, Matteo and Benzi, Roberto and Sbragaglia, Mauro},
  journal={Physical Review X},
  volume={8},
  number={2},
  pages={021031},
  year={2018},
  publisher={APS}
}

@article{nicolas2013mesoscopic,
  title={A mesoscopic model for the rheology of soft amorphous solids, with application to microchannel flows},
  author={Nicolas, Alexandre and Barrat, Jean-Louis},
  journal={Faraday discussions},
  volume={167},
  pages={567--600},
  year={2013},
  publisher={Royal Society of Chemistry}
}

@article{bocquet2009kinetic,
  title={Kinetic theory of plastic flow in soft glassy materials},
  author={Bocquet, Lyd{\'e}ric and Colin, Annie and Ajdari, Armand},
  journal={Physical review letters},
  volume={103},
  number={3},
  pages={036001},
  year={2009},
  publisher={APS}
}

@article{rodney2011modeling,
  title={Modeling the mechanics of amorphous solids at different length scale and time scale},
  author={Rodney, David and Tanguy, Anne and Vandembroucq, Damien},
  journal={Modelling and Simulation in Materials Science and Engineering},
  volume={19},
  number={8},
  pages={083001},
  year={2011},
  publisher={IOP Publishing}
}
@article{shrivastav2016yielding,
  title={Yielding of glass under shear: A directed percolation transition precedes shear-band formation},
  author={Shrivastav, Gaurav Prakash and Chaudhuri, Pinaki and Horbach, J{\"u}rgen},
  journal={Physical Review E},
  volume={94},
  number={4},
  pages={042605},
  year={2016},
  publisher={APS}
}
@article{PhysRevE.102.023002,
  title = {Flow heterogeneities in supercooled liquids and glasses under shear},
  author = {Golkia, Mehrdad and Shrivastav, Gaurav P. and Chaudhuri, Pinaki and Horbach, J\"urgen},
  journal = {Phys. Rev. E},
  volume = {102},
  issue = {2},
  pages = {023002},
  numpages = {14},
  year = {2020},
  month = {Aug},
  publisher = {American Physical Society},
  doi = {10.1103/PhysRevE.102.023002},
  url = {https://link.aps.org/doi/10.1103/PhysRevE.102.023002}
}
@article{PhysRevE.77.011504,
  title = {Profile blunting and flow blockage in a yield-stress fluid: A molecular dynamics study},
  author = {Varnik, F. and Raabe, D.},
  journal = {Phys. Rev. E},
  volume = {77},
  issue = {1},
  pages = {011504},
  numpages = {9},
  year = {2008},
  month = {Jan},
  publisher = {American Physical Society},
  doi = {10.1103/PhysRevE.77.011504},
  url = {https://link.aps.org/doi/10.1103/PhysRevE.77.011504}
}
@article{genovese2011crystallization,
  title={Crystallization and intermittent dynamics in constricted microfluidic flows of dense suspensions},
  author={Genovese, Damiano and Sprakel, Joris},
  journal={Soft Matter},
  volume={7},
  number={8},
  pages={3889--3896},
  year={2011},
  publisher={Royal Society of Chemistry}
}
@article{isa2009velocity,
  title={Velocity oscillations in microfluidic flows of concentrated colloidal suspensions},
  author={Isa, Lucio and Besseling, Rut and Morozov, Alexander N and Poon, Wilson CK},
  journal={Physical review letters},
  volume={102},
  number={5},
  pages={058302},
  year={2009},
  publisher={APS}
}
@article{papenkort2014channel,
  title={Channel flow of a tensorial shear-thinning Maxwell model: Lattice Boltzmann simulations},
  author={Papenkort, Simon and Voigtmann, Th},
  journal={The Journal of Chemical Physics},
  volume={140},
  number={16},
  pages={164507},
  year={2014},
  publisher={American Institute of Physics}
}

@article{binder2004molecular,
  title={Molecular dynamics simulations},
  author={Binder, Kurt and Horbach, J{\"u}rgen and Kob, Walter and Paul, Wolfgang and Varnik, Fathollah},
  journal={Journal of Physics: Condensed Matter},
  volume={16},
  number={5},
  pages={S429},
  year={2004},
  publisher={IOP Publishing}
}

@article{baranyai1992isothermal,
  title={Isothermal shear-induced heat flow},
  author={Baranyai, Andras and Evans, Denis J and Daivis, Peter J},
  journal={Physical Review A},
  volume={46},
  number={12},
  pages={7593},
  year={1992},
  publisher={APS}
}

@article{todd1995pressure,
  title={Pressure tensor for inhomogeneous fluids},
  author={Todd, BD and Evans, Denis J and Daivis, Peter J},
  journal={Physical Review E},
  volume={52},
  number={2},
  pages={1627},
  year={1995},
  publisher={APS}
}

@article{irani2019discontinuous,
  title={Discontinuous shear-thinning in adhesive dispersions},
  author={Irani, Ehsan and Chaudhuri, Pinaki and Heussinger, Claus},
  journal={Physical Review Fluids},
  volume={4},
  number={7},
  pages={074307},
  year={2019},
  publisher={APS}
}

@article{vasisht2018permanent,
  title={Permanent shear localization in dense disordered materials due to microscopic inertia},
  author={Vasisht, Vishwas V and Goff, Magali Le and Martens, Kirsten and Barrat, Jean-Louis},
  journal={arXiv preprint arXiv:1812.03948},
  year={2018}
}

@article{nicolas2016effects,
  title={Effects of inertia on the steady-shear rheology of disordered solids},
  author={Nicolas, Alexandre and Barrat, Jean-Louis and Rottler, J{\"o}rg},
  journal={Physical review letters},
  volume={116},
  number={5},
  pages={058303},
  year={2016},
  publisher={APS}
}

@article{ebendorff2007extrusion,
  title={Extrusion of complex preforms for microstructured optical fibers},
  author={Ebendorff-Heidepriem, Heike and Monro, Tanya M},
  journal={Optics Express},
  volume={15},
  number={23},
  pages={15086--15092},
  year={2007},
  publisher={Optical Society of America}
}

@article{zhu2019colloidal,
  title={Colloidal materials for 3D printing},
  author={Zhu, Cheng and Pascall, Andrew J and Dudukovic, Nikola and Worsley, Marcus A and Kuntz, Joshua D and Duoss, Eric B and Spadaccini, Christopher M},
  journal={Annual Review of Chemical and Biomolecular Engineering},
  volume={10},
  pages={17--42},
  year={2019},
  publisher={Annual Reviews}
}

@article{nelson2020embedded,
  title={Embedded droplet printing in yield-stress fluids},
  author={Nelson, Arif Z and Kundukad, Binu and Wong, Wai Kuan and Khan, Saif A and Doyle, Patrick S},
  journal={Proceedings of the National Academy of Sciences},
  volume={117},
  number={11},
  pages={5671--5679},
  year={2020},
  publisher={National Acad Sciences}
}

@book{tabeling2005introduction,
  title={Introduction to microfluidics},
  author={Tabeling, Patrick},
  year={2005},
  publisher={OUP Oxford}
}


@article{semwogerere2008shear,
  title={Shear-induced particle migration in binary colloidal suspensions},
  author={Semwogerere, Denis and Weeks, Eric R},
  journal={Physics of Fluids},
  volume={20},
  number={4},
  pages={043306},
  year={2008},
  publisher={American Institute of Physics}
}


@article{khabaz2021thermodynamics,
  title={Thermodynamics of shear-induced phase transition of polydisperse soft particle glasses},
  author={Khabaz, Fardin and Bonnecaze, Roger T},
  journal={Physics of Fluids},
  volume={33},
  number={1},
  pages={013315},
  year={2021},
  publisher={AIP Publishing LLC}
}


@article{panaseti2018pressure,
  title={Pressure-driven flow of a Herschel-Bulkley fluid with pressure-dependent rheological parameters},
  author={Panaseti, Pandelitsa and Damianou, Yiolanda and Georgiou, Georgios C and Housiadas, Kostas D},
  journal={Physics of fluids},
  volume={30},
  number={3},
  pages={030701},
  year={2018},
  publisher={AIP Publishing LLC}
}

@article{jacob2019rheological,
  title={Rheological signatures of aging in hard sphere colloidal glasses},
  author={Jacob, Alan R and Moghimi, Esmaeel and Petekidis, George},
  journal={Physics of Fluids},
  volume={31},
  number={8},
  pages={087103},
  year={2019},
  publisher={AIP Publishing LLC}
}

@article{agarwal2019signatures,
  title={Signatures of physical aging and thixotropy in aqueous dispersion of Carbopol},
  author={Agarwal, Mayank and Joshi, Yogesh M},
  journal={Physics of Fluids},
  volume={31},
  number={6},
  pages={063107},
  year={2019},
  publisher={AIP Publishing LLC}
}


@article{joshi2018yield,
  title={Yield stress fluids and ageing},
  author={Joshi, Yogesh M and Petekidis, George},
  journal={Rheologica Acta},
  volume={57},
  number={6},
  pages={521--549},
  year={2018},
  publisher={Springer}
}

@article{biswas2021quantifying,
  title={Quantifying the destructuring of a thixotropic colloidal suspension using falling ball viscometry},
  author={Biswas, Rajkumar and Saha, Debasish and Bandyopadhyay, Ranjini},
  journal={Physics of Fluids},
  volume={33},
  number={1},
  pages={013103},
  year={2021},
  publisher={AIP Publishing LLC}
}

@article{sriram2010active,
  title={Active microrheology of a colloidal suspension in the direct collision limit},
  author={Sriram, Indira and Meyer, Alexander and Furst, Eric M},
  journal={Physics of Fluids},
  volume={22},
  number={6},
  pages={062003},
  year={2010},
  publisher={American Institute of Physics}
}

@article{tanner2018aspects,
  title={Aspects of non-colloidal suspension rheology},
  author={Tanner, Roger I},
  journal={Physics of Fluids},
  volume={30},
  number={10},
  pages={101301},
  year={2018},
  publisher={AIP Publishing LLC}
}

@article{phillips1992constitutive,
  title={A constitutive equation for concentrated suspensions that accounts for shear-induced particle migration},
  author={Phillips, Ronald J and Armstrong, Robert C and Brown, Robert A and Graham, Alan L and Abbott, James R},
  journal={Physics of Fluids A: Fluid Dynamics},
  volume={4},
  number={1},
  pages={30--40},
  year={1992},
  publisher={American Institute of Physics}
}

@article{nott1994pressure,
  title={Pressure-driven flow of suspensions: simulation and theory},
  author={Nott, Prabhu R and Brady, John F},
  journal={Journal of Fluid Mechanics},
  volume={275},
  pages={157--199},
  year={1994},
  publisher={Cambridge University Press}
}

@article{miralles2013review,
  title={A review of heating and temperature control in microfluidic systems: techniques and applications},
  author={Miralles, Vincent and Huerre, Axel and Malloggi, Florent and Jullien, Marie-Caroline},
  journal={Diagnostics},
  volume={3},
  number={1},
  pages={33--67},
  year={2013},
  publisher={Multidisciplinary Digital Publishing Institute}
}

@book{bechinger2013,
  title={Physics of complex colloids},
  author={Bechinger, Clemens and Sciortino, Francesco and Ziherl, Primo{\v{z}}},
  volume={184},
  year={2013},
  publisher={IOS Press}
}

@book{weiss2014,
  title={New Models of the Cell Nucleus: Crowding, Entropic Forces, Phase Separation, and Fractals},
  author={Hancock, Ronald and Jeon, Kwang W},
  year={2013},
  publisher={Academic Press}
}

@article{hoefling2013,
  title={Anomalous transport in the crowded world of biological cells},
  author={H{\"o}fling, Felix and Franosch, Thomas},
  journal={Reports on Progress in Physics},
  volume={76},
  number={4},
  pages={046602},
  year={2013},
  publisher={IOP Publishing}
}

@article{imhof1995_1,
  title={Experimental phase diagram of a binary colloidal hard-sphere mixture with a large size ratio},
  author={Imhof, A and Dhont, JKG},
  journal={Physical review letters},
  volume={75},
  number={8},
  pages={1662},
  year={1995},
  publisher={APS}
}

@article{imhof1995_2,
  title={Long-time self-diffusion in binary colloidal hard-sphere dispersions},
  author={Imhof, A and Dhont, JKG},
  journal={Physical Review E},
  volume={52},
  number={6},
  pages={6344},
  year={1995},
  publisher={APS}
}

@article{kurita2010,
  title={Glass transition of two-dimensional binary soft-disk mixtures with large size ratios},
  author={Kurita, Rei and Weeks, Eric R},
  journal={Physical Review E},
  volume={82},
  number={4},
  pages={041402},
  year={2010},
  publisher={APS}
}

@article{blochowicz2012,
  title={Signature of a type-A glass transition and intrinsic confinement effects in a binary glass-forming system},
  author={Blochowicz, Thomas and Schramm, Sebastian and Lusceac, Sorin and Vogel, Michael and St{\"u}hn, Bernd and Gutfreund, Philipp and Frick, Bernhard},
  journal={Physical Review Letters},
  volume={109},
  number={3},
  pages={035702},
  year={2012},
  publisher={APS}
}

@article{bierwirth2018,
  title={Coexistence of two structural relaxation processes in monohydroxy alcohol--alkyl halogen mixtures: Dielectric and rheological studies},
  author={Bierwirth, S Peter and Gainaru, Catalin and B{\"o}hmer, Roland},
  journal={The Journal of Chemical Physics},
  volume={149},
  number={4},
  pages={044509},
  year={2018},
  publisher={AIP Publishing LLC}
}

@article{sentjabrskaja2016,
  title={Anomalous dynamics of intruders in a crowded environment of mobile obstacles},
  author={Sentjabrskaja, Tatjana and Zaccarelli, Emanuela and De Michele, Cristiano and Sciortino, Francesco and Tartaglia, Piero and Voigtmann, Thomas and Egelhaaf, Stefan U and Laurati, Marco},
  journal={Nature communications},
  volume={7},
  number={1},
  pages={1--8},
  year={2016},
  publisher={Nature Publishing Group}
}

@article{laurati2019,
  title={Effect of size disparity on the structure and dynamics of the small component in concentrated binary colloidal mixtures},
  author={Martinez-Sotelo, E and Escobedo-S{\'a}nchez, MA and Laurati, M},
  journal={The Journal of Chemical Physics},
  volume={151},
  number={16},
  pages={164504},
  year={2019},
  publisher={AIP Publishing LLC}
}

@article{moreno2006,
  title={Relaxation scenarios in a mixture of large and small spheres: Dependence on the size disparity},
  author={Moreno, Angel J and Colmenero, Juan},
  journal={The Journal of chemical physics},
  volume={125},
  number={16},
  pages={164507},
  year={2006},
  publisher={American Institute of Physics}
}

@article{horbach2009,
  title={Double transition scenario for anomalous diffusion in glass-forming mixtures},
  author={Voigtmann, Th and Horbach, J{\"u}rgen},
  journal={Physical review letters},
  volume={103},
  number={20},
  pages={205901},
  year={2009},
  publisher={APS}
}

@article{xu2012,
  title={Structure, compressibility factor, and dynamics of highly size-asymmetric binary hard-disk liquids},
  author={Xu, Wen-Sheng and Sun, Zhao-Yan and An, Li-Jia},
  journal={The Journal of Chemical Physics},
  volume={137},
  number={10},
  pages={104509},
  year={2012},
  publisher={American Institute of Physics}
}

@article{xu2015,
  title={Relaxation dynamics in a binary hard-ellipse liquid},
  author={Xu, Wen-Sheng and Sun, Zhao-Yan and An, Li-Jia},
  journal={Soft matter},
  volume={11},
  number={3},
  pages={627--634},
  year={2015},
  publisher={Royal Society of Chemistry}
}

@article{lazaro2019,
  title={Glassy dynamics in asymmetric binary mixtures of hard spheres},
  author={L{\'a}zaro-L{\'a}zaro, Edilio and Perera-Burgos, Jorge Adri{\'a}n and Laermann, Patrick and Sentjabrskaja, Tatjana and P{\'e}rez-{\'A}ngel, Gabriel and Laurati, Marco and Egelhaaf, Stefan U and Medina-Noyola, Magdaleno and Voigtmann, Thomas and Casta{\~n}eda-Priego, Ram{\'o}n and others},
  journal={Physical Review E},
  volume={99},
  number={4},
  pages={042603},
  year={2019},
  publisher={APS}
}

@article{bosse1987,
  title={Delocalization of small particles in a glassy matrix},
  author={Bosse, J and Thakur, JS},
  journal={Physical review letters},
  volume={59},
  number={9},
  pages={998},
  year={1987},
  publisher={APS}
}

@article{bosse1995,
  title={Self-diffusion in supercooled binary liquids},
  author={Bosse, J and Kaneko, Y},
  journal={Physical review letters},
  volume={74},
  number={20},
  pages={4023},
  year={1995},
  publisher={APS}
}

@article{voigtmann2011,
  title={Multiple glasses in asymmetric binary hard spheres},
  author={Voigtmann, Th},
  journal={EPL (Europhysics Letters)},
  volume={96},
  number={3},
  pages={36006},
  year={2011},
  publisher={IOP Publishing}
}

@article{kurzidim2011,
  title={Dynamic arrest of colloids in porous environments: disentangling crowding and confinement},
  author={Kurzidim, Jan and Coslovich, Daniele and Kahl, Gerhard},
  journal={Journal of Physics: Condensed Matter},
  volume={23},
  number={23},
  pages={234122},
  year={2011},
  publisher={IOP Publishing}
}

@book{fitts1962,
  title={Nonequilibrium Thermodynamics: A Phenomenological Theory of Irreversible Process in Fluid Systems},
  author={Fitts, Donald D},
  year={1962},
  publisher={Mc Graw-Hill Book}
}

@article{akcasu1997,
  title={The “fast” and “slow” mode theories of interdiffusion in polymer mixtures: Resolution of a controversy},
  author={Akcasu, A Ziya},
  journal={Macromolecular theory and simulations},
  volume={6},
  number={4},
  pages={679--702},
  year={1997},
  publisher={Wiley Online Library}
}

@article{horbach2007,
  title={Self-diffusion and interdiffusion in Al 80 Ni 20 melts: Simulation and experiment},
  author={Horbach, Juergen and Das, Subir K and Griesche, Axel and Macht, M-P and Frohberg, Guenter and Meyer, Andreas},
  journal={Physical Review B},
  volume={75},
  number={17},
  pages={174304},
  year={2007},
  publisher={APS}
}

@article{darken1949,
  title={Diffusion of carbon in austenite with a discontinuity in composition},
  author={Darken, L Sr},
  journal={Trans. AIME.},
  volume={180},
  pages={430--438},
  year={1949}
}

@article{hartley1949,
  title={Some fundamental definitions and concepts in diffusion processes},
  author={Hartley, GS and Crank, Jf},
  journal={Transactions of the Faraday Society},
  volume={45},
  pages={801--818},
  year={1949},
  publisher={Royal Society of Chemistry}
}

@article{kuhn2014,
  title={Diffusion and interdiffusion in binary metallic melts},
  author={Kuhn, Philipp and Horbach, J{\"u}rgen and Kargl, Florian and Meyer, Andreas and Voigtmann, Th},
  journal={Physical Review B},
  volume={90},
  number={2},
  pages={024309},
  year={2014},
  publisher={APS}
}

@article{bearman1960,
  title={Statistical mechanical theory of the diffusion coefficients in binary liquid solutions},
  author={Bearman, Richard J},
  journal={The Journal of Chemical Physics},
  volume={32},
  number={5},
  pages={1308--1313},
  year={1960},
  publisher={American Institute of Physics}
}

@article{brochard1986,
  title={Polymer-polymer interdiffusion},
  author={Brochard, F and De Gennes, PG},
  journal={EPL (Europhysics Letters)},
  volume={1},
  number={5},
  pages={221},
  year={1986},
  publisher={IOP Publishing}
}

@article{sillescu1987,
  title={Relation of interdiffusion and tracer diffusion in polymer blends},
  author={Sillescu, Hans},
  journal={Die Makromolekulare Chemie, Rapid Communications},
  volume={8},
  number={8},
  pages={393--399},
  year={1987},
  publisher={Wiley Online Library}
}

@article{hess1990,
  title={Theoretical foundations of interdiffusion},
  author={Hess, Walter and N{\"a}gele, Gerhard and Akcasu, A Ziya},
  journal={Journal of Polymer Science Part B: Polymer Physics},
  volume={28},
  number={12},
  pages={2233--2245},
  year={1990},
  publisher={Wiley Online Library}
}

@article{akcasu1991,
  title={Identification of modes in dynamic scattering from ternary polymer mixtures and interdiffusion},
  author={Akcasu, A Ziya and N{\"a}gele, G and Klein, R},
  journal={Macromolecules},
  volume={24},
  number={15},
  pages={4408--4422},
  year={1991},
  publisher={ACS Publications}
}

@phdthesis{latz1990,
  title={Verallgemeinerte konstituierende Gleichungen und Formfaktoren f{\"u}r einfache Glasbildner},
  author={Latz, Arnulf},
  school={TU},
  year={1990}
}

@article{weeks1971,
  title={Role of repulsive forces in determining the equilibrium structure of simple liquids},
  author={Weeks, John D and Chandler, David and Andersen, Hans C},
  journal={The Journal of chemical physics},
  volume={54},
  number={12},
  pages={5237--5247},
  year={1971},
  publisher={American Institute of Physics}
}

@article{plimpton1995,
  title={Fast parallel algorithms for short-range molecular dynamics},
  author={Plimpton, Steve},
  journal={Journal of computational physics},
  volume={117},
  number={1},
  pages={1--19},
  year={1995},
  publisher={Elsevier}
}

@book{allen2017,
  title={Computer simulation of liquids},
  author={Allen, Michael P and Tildesley, Dominic J},
  year={2017},
  publisher={Oxford university press}
}

@article{soddemann2003,
  title={Dissipative particle dynamics: A useful thermostat for equilibrium and nonequilibrium molecular dynamics simulations},
  author={Soddemann, Thomas and D{\"u}nweg, Burkhard and Kremer, Kurt},
  journal={Physical Review E},
  volume={68},
  number={4},
  pages={046702},
  year={2003},
  publisher={APS}
}

@article{grigera2001,
  title={Fast Monte Carlo algorithm for supercooled soft spheres},
  author={Grigera, Tom{\'a}s S and Parisi, Giorgio},
  journal={Physical Review E},
  volume={63},
  number={4},
  pages={045102},
  year={2001},
  publisher={APS}
}

@article{berthier2019,
  title={Efficient swap algorithms for molecular dynamics simulations of equilibrium supercooled liquids},
  author={Berthier, Ludovic and Flenner, Elijah and Fullerton, Christopher J and Scalliet, Camille and Singh, Murari},
  journal={Journal of Statistical Mechanics: Theory and Experiment},
  volume={2019},
  number={6},
  pages={064004},
  year={2019},
  publisher={IOP Publishing}
}

@book{hansen2013,
  title={Theory of simple liquids: with applications to soft matter},
  author={Hansen, Jean-Pierre and McDonald, Ian Ranald},
  year={2013},
  publisher={Academic press}
}

@book{binder2011,
  title={Glassy materials and disordered solids: An introduction to their statistical mechanics},
  author={Binder, Kurt and Kob, Walter},
  year={2011},
  publisher={World scientific}
}

@article{manning1961,
  title={Diffusion in a chemical concentration gradient},
  author={Manning, John R},
  journal={Physical Review},
  volume={124},
  number={2},
  pages={470},
  year={1961},
  publisher={APS}
}

@article{steinhardt1983,
  title={Bond-orientational order in liquids and glasses},
  author={Steinhardt, Paul J and Nelson, David R and Ronchetti, Marco},
  journal={Physical Review B},
  volume={28},
  number={2},
  pages={784},
  year={1983},
  publisher={APS}
}

@article{dellago2008,
  title={Accurate determination of crystal structures based on averaged local bond order parameters},
  author={Lechner, Wolfgang and Dellago, Christoph},
  journal={The Journal of chemical physics},
  volume={129},
  number={11},
  pages={114707},
  year={2008},
  publisher={American Institute of Physics}
}

@book{goetze2009,
  title={Complex dynamics of glass-forming liquids: A mode-coupling theory},
  author={G{\"o}tze, Wolfgang},
  volume={143},
  year={2009},
  publisher={Oxford University Press on Demand}
}

@article{fuchs1998,
  title={Asymptotic laws for tagged-particle motion in glassy systems},
  author={Fuchs, Matthias and G{\"o}tze, Wolfgang and Mayr, Matthias R},
  journal={Physical Review E},
  volume={58},
  number={3},
  pages={3384},
  year={1998},
  publisher={APS}
}

@article{lamp2022,
  title={Brittle yielding in supercooled liquids below the critical temperature of mode coupling theory},
  author={Lamp, Konstantin and K{\"u}chler, Niklas and Horbach, J{\"u}rgen},
  journal={arXiv preprint arXiv:2202.12632},
  year={2022}
}

@article{schnyder2015,
  title={Rounding of the localization transition in model porous media},
  author={Schnyder, Simon K and Spanner, Markus and H{\"o}fling, Felix and Franosch, Thomas and Horbach, J{\"u}rgen},
  journal={Soft Matter},
  volume={11},
  number={4},
  pages={701--711},
  year={2015},
  publisher={Royal Society of Chemistry}
}

@article{vinaySoft,
  title={Rheological response of a glass-forming liquid having large bidispersity},
  author={Vaibhav, Vinay and Horbach, J{\"u}rgen and Chaudhuri, Pinaki},
  journal={Soft Matter},
  year={2022},
  publisher={Royal Society of Chemistry}
}

@article{zac2005,
  title={Tailoring the flow of soft glasses by soft additives},
  author={Zaccarelli, E and Mayer, C and Asteriadi, A and Likos, CN and Sciortino, F and Roovers, J and Iatrou, H and Hadjichristidis, Nikolaos and Tartaglia, P and L{\"o}wen, H and others},
  journal={Physical review letters},
  volume={95},
  number={26},
  pages={268301},
  year={2005},
  publisher={APS}
}

@book{larson,
  title={The structure and rheology of complex fluids},
  author={Larson, Ronald G},
  volume={150},
  year={1999},
  publisher={Oxford university press New York}
}

@article{yodhreview,
  title={Rheology of soft materials},
  author={Chen, Daniel TN and Wen, Qi and Janmey, Paul A and Crocker, John C and Yodh, Arjun G},
  journal={Annu. Rev. Condens. Matter Phys.},
  volume={1},
  number={1},
  pages={301--322},
  year={2010},
  publisher={Annual Reviews}
}

@article{ludovicRMP2017,
  title={Yield stress materials in soft condensed matter},
  author={Bonn, Daniel and Denn, Morton M and Berthier, Ludovic and Divoux, Thibaut and Manneville, S{\'e}bastien},
  journal={Reviews of Modern Physics},
  volume={89},
  number={3},
  pages={035005},
  year={2017},
  publisher={APS}
}

@article{coussot2014yield,
  title={Yield stress fluid flows: A review of experimental data},
  author={Coussot, Ph},
  journal={Journal of Non-Newtonian Fluid Mechanics},
  volume={211},
  pages={31--49},
  year={2014},
  publisher={Elsevier}
}

@article{pusey2002,
  title={Rearrangements in hard-sphere glasses under oscillatory shear strain},
  author={Petekidis, G and Moussaid, A and Pusey, PN},
  journal={physical review E},
  volume={66},
  number={5},
  pages={051402},
  year={2002},
  publisher={APS}
}

@article{besseling2007,
  title={Three-dimensional imaging of colloidal glasses under steady shear},
  author={Besseling, R and Weeks, Eric R and Schofield, AB and Poon, WCK},
  journal={Physical review letters},
  volume={99},
  number={2},
  pages={028301},
  year={2007},
  publisher={APS}
}

@article{schall2007,
  title={Structural rearrangements that govern flow in colloidal glasses},
  author={Schall, Peter and Weitz, David A and Spaepen, Frans},
  journal={Science},
  volume={318},
  number={5858},
  pages={1895--1899},
  year={2007},
  publisher={American Association for the Advancement of Science}
}

@article{chikkadi12,
  title={Nonaffine measures of particle displacements in sheared colloidal glasses},
  author={Chikkadi, V and Schall, P},
  journal={Physical Review E},
  volume={85},
  number={3},
  pages={031402},
  year={2012},
  publisher={APS}
}

@article{yamamoto98,
  title={Dynamics of highly supercooled liquids: Heterogeneity, rheology, and diffusion},
  author={Yamamoto, Ryoichi and Onuki, Akira},
  journal={Physical Review E},
  volume={58},
  number={3},
  pages={3515},
  year={1998},
  publisher={APS}
}

@article{ludovic2002,
  title={Nonequilibrium dynamics and fluctuation-dissipation relation in a sheared fluid},
  author={Berthier, Ludovic and Barrat, Jean-Louis},
  journal={The Journal of Chemical Physics},
  volume={116},
  number={14},
  pages={6228--6242},
  year={2002},
  publisher={American Institute of Physics}
}

@article{varnik2004,
  title={A study of the static yield stress in a binary Lennard-Jones glass},
  author={Varnik, Fathollah and Bocquet, L and Barrat, J-L},
  journal={The Journal of chemical physics},
  volume={120},
  number={6},
  pages={2788--2801},
  year={2004},
  publisher={American Institute of Physics}
}

@article{gauravPRE15,
  title={Yielding of glass under shear: A directed percolation transition precedes shear-band formation},
  author={Shrivastav, Gaurav Prakash and Chaudhuri, Pinaki and Horbach, J{\"u}rgen},
  journal={Physical Review E},
  volume={94},
  number={4},
  pages={042605},
  year={2016},
  publisher={APS}
}

@article{gauravJRheo15,
  title={Heterogeneous dynamics during yielding of glasses: Effect of aging},
  author={Shrivastav, Gaurav Prakash and Chaudhuri, Pinaki and Horbach, J{\"u}rgen},
  journal={Journal of Rheology},
  volume={60},
  number={5},
  pages={835--847},
  year={2016},
  publisher={Society of Rheology}
}

@article{anshul17,
  title={The yielding transition in amorphous solids under oscillatory shear deformation},
  author={Leishangthem, Premkumar and Parmar, Anshul DS and Sastry, Srikanth},
  journal={Nature communications},
  volume={8},
  number={1},
  pages={1--8},
  year={2017},
  publisher={Nature Publishing Group}
}

@article{falkLanger98,
  title={Dynamics of viscoplastic deformation in amorphous solids},
  author={Falk, Michael L and Langer, James S},
  journal={Physical Review E},
  volume={57},
  number={6},
  pages={7192},
  year={1998},
  publisher={APS}
}

@article{sollich2012,
  title={Unified study of glass and jamming rheology in soft particle systems},
  author={Ikeda, Atsushi and Berthier, Ludovic and Sollich, Peter},
  journal={Physical review letters},
  volume={109},
  number={1},
  pages={018301},
  year={2012},
  publisher={APS}
}

@article{sollich2013,
  title={Disentangling glass and jamming physics in the rheology of soft materials},
  author={Ikeda, Atsushi and Berthier, Ludovic and Sollich, Peter},
  journal={Soft Matter},
  volume={9},
  number={32},
  pages={7669--7683},
  year={2013},
  publisher={Royal Society of Chemistry}
}

@article{poon2015,
  title={On polydispersity and the hard sphere glass transition},
  author={Zaccarelli, Emanuela and Liddle, Siobhan M and Poon, Wilson CK},
  journal={Soft Matter},
  volume={11},
  number={2},
  pages={324--330},
  year={2015},
  publisher={Royal Society of Chemistry}
}

@article{laurati17,
  title={Size-dependent localization in polydisperse colloidal glasses},
  author={Heckendorf, D and Mutch, KJ and Egelhaaf, SU and Laurati, M},
  journal={Physical Review Letters},
  volume={119},
  number={4},
  pages={048003},
  year={2017},
  publisher={APS}
}

@article{dhont95,
  title={Experimental phase diagram of a binary colloidal hard-sphere mixture with a large size ratio},
  author={Imhof, A and Dhont, JKG},
  journal={Physical review letters},
  volume={75},
  number={8},
  pages={1662},
  year={1995},
  publisher={APS}
}

@article{colmenero06,
  title={Relaxation scenarios in a mixture of large and small spheres: Dependence on the size disparity},
  author={Moreno, Angel J and Colmenero, Juan},
  journal={The Journal of chemical physics},
  volume={125},
  number={16},
  pages={164507},
  year={2006},
  publisher={American Institute of Physics}
}

@article{colmenero06pre,
  title={Anomalous dynamic arrest in a mixture of large and small particles},
  author={Moreno, Angel J and Colmenero, Juan},
  journal={Physical Review E},
  volume={74},
  number={2},
  pages={021409},
  year={2006},
  publisher={APS}
}

@article{juergen2009,
  title={Double transition scenario for anomalous diffusion in glass-forming mixtures},
  author={Voigtmann, Th and Horbach, J{\"u}rgen},
  journal={Physical review letters},
  volume={103},
  number={20},
  pages={205901},
  year={2009},
  publisher={APS}
}

@article{laurati15,
  title = {Different mechanisms for dynamical arrest in largely asymmetric binary mixtures},
  author = {Hendricks, J. and Capellmann, R. and Schofield, A. B. and Egelhaaf, S. U. and Laurati, M.},
  journal = {Phys. Rev. E},
  volume = {91},
  issue = {3},
  pages = {032308},
  numpages = {11},
  year = {2015},
  month = {Mar},
  publisher = {American Physical Society},
  doi = {10.1103/PhysRevE.91.032308},
  url = {https://link.aps.org/doi/10.1103/PhysRevE.91.032308}
}




@article{laurati19,
  title={Glassy dynamics in asymmetric binary mixtures of hard spheres},
  author={L{\'a}zaro-L{\'a}zaro, Edilio and Perera-Burgos, Jorge Adri{\'a}n and Laermann, Patrick and Sentjabrskaja, Tatjana and P{\'e}rez-{\'A}ngel, Gabriel and Laurati, Marco and Egelhaaf, Stefan U and Medina-Noyola, Magdaleno and Voigtmann, Thomas and Casta{\~n}eda-Priego, Ram{\'o}n and others},
  journal={Physical Review E},
  volume={99},
  number={4},
  pages={042603},
  year={2019},
  publisher={APS}
}

@article{skinner2013,
  title={Localization dynamics of fluids in random confinement},
  author={Skinner, Thomas OE and Schnyder, Simon K and Aarts, Dirk GAL and Horbach, J{\"u}rgen and Dullens, Roel PA},
  journal={Physical Review Letters},
  volume={111},
  number={12},
  pages={128301},
  year={2013},
  publisher={APS}
}

@article{schnyder2017,
  title={Dynamic heterogeneities and non-Gaussian behavior in two-dimensional randomly confined colloidal fluids},
  author={Schnyder, Simon K and Skinner, Thomas OE and Thorneywork, Alice L and Aarts, Dirk GAL and Horbach, J{\"u}rgen and Dullens, Roel PA},
  journal={Physical Review E},
  volume={95},
  number={3},
  pages={032602},
  year={2017},
  publisher={APS}
}

@article{schnyder2018,
  title={Crowding of interacting fluid particles in porous media through molecular dynamics: breakdown of universality for soft interactions},
  author={Schnyder, Simon K and Horbach, J{\"u}rgen},
  journal={Physical Review Letters},
  volume={120},
  number={7},
  pages={078001},
  year={2018},
  publisher={APS}
}

@inproceedings{sentjabrskaja13,
  title={Glasses of dynamically asymmetric binary colloidal mixtures: Quiescent properties and dynamics under shear},
  author={Sentjabrskaja, Tatjana and Guu, Donald and Lettinga, Paul M and Egelhaaf, Stefan U and Laurati, Marco},
  booktitle={AIP Conference Proceedings},
  volume={1518},
  pages={206--213},
  year={2013},
  organization={American Institute of Physics}
}

@article{egelhaaf13,
  title={Yielding of binary colloidal glasses},
  author={Sentjabrskaja, Tatjana and Babaliari, Eleftheria and Hendricks, Jan and Laurati, Marco and Petekidis, George and Egelhaaf, Stefan Ulrich},
  journal={Soft Matter},
  volume={9},
  number={17},
  pages={4524--4533},
  year={2013},
  publisher={Royal Society of Chemistry}
}

@article{sentjabrskaja14,
  title={Transient dynamics during stress overshoots in binary colloidal glasses},
  author={Sentjabrskaja, T and Hermes, Michiel and Poon, WCK and Estrada, CD and Castaneda-Priego, R and Egelhaaf, SU and Laurati, M},
  journal={Soft Matter},
  volume={10},
  number={34},
  pages={6546--6555},
  year={2014},
  publisher={Royal Society of Chemistry}
}

@article{sentjabrskaja18,
  title={Binary colloidal glasses under transient stress-and strain-controlled shear},
  author={Sentjabrskaja, Tatjana and Hendricks, Jan and Jacob, Alan R and Petekidis, George and Egelhaaf, Stefan U and Laurati, Marco},
  journal={Journal of Rheology},
  volume={62},
  number={1},
  pages={149--159},
  year={2018},
  publisher={The Society of Rheology}
}

@article{sentjabrskaja19,
  title={Binary colloidal glasses: linear viscoelasticity and its link to the microscopic structure and dynamics},
  author={Sentjabrskaja, Tatjana and Jacob, Alan R and Egelhaaf, Stefan U and Petekidis, George and Voigtmann, Thomas and Laurati, Marco},
  journal={Soft Matter},
  volume={15},
  number={10},
  pages={2232--2244},
  year={2019},
  publisher={Royal Society of Chemistry}
}

@article{vinay,
  title={Finite-size effects in the diffusion dynamics of a glass-forming binary mixture with large size ratio},
  author={Vaibhav, Vinay and Horbach, J{\"u}rgen and Chaudhuri, Pinaki},
  journal={arXiv preprint arXiv:2202.12189},
  year={2022}
}

@article{lammps,
  title = {Fast Parallel Algorithms for Short-Range Molecular Dynamics},
  journal = {Journal of Computational Physics},
  volume = {117},
  number = {1},
  pages = {1-19},
  year = {1995},
  issn = {0021-9991},
  doi = {https://doi.org/10.1006/jcph.1995.1039},
  url = {https://www.sciencedirect.com/science/article/pii/S002199918571039X},
  author = {Steve Plimpton},
}

@article{dpd,
  title = {Dissipative particle dynamics: A useful thermostat for equilibrium and nonequilibrium molecular dynamics simulations},
  author = {Soddemann, Thomas and D\"unweg, Burkhard and Kremer, Kurt},
  journal = {Phys. Rev. E},
  volume = {68},
  issue = {4},
  pages = {046702},
  numpages = {8},
  year = {2003},
  month = {Oct},
  publisher = {American Physical Society},
  doi = {10.1103/PhysRevE.68.046702},
  url = {https://link.aps.org/doi/10.1103/PhysRevE.68.046702}
}

@article{golkia2020,
  title = {Flow heterogeneities in supercooled liquids and glasses under shear},
  author = {Golkia, Mehrdad and Shrivastav, Gaurav P. and Chaudhuri, Pinaki and Horbach, J\"urgen},
  journal = {Phys. Rev. E},
  volume = {102},
  issue = {2},
  pages = {023002},
  numpages = {14},
  year = {2020},
  month = {Aug},
  publisher = {American Physical Society},
  doi = {10.1103/PhysRevE.102.023002},
  url = {https://link.aps.org/doi/10.1103/PhysRevE.102.023002}
}

@article{zaccarelli2005,
  title = {Tailoring the Flow of Soft Glasses by Soft Additives},
  author = {Zaccarelli, E. and Mayer, C. and Asteriadi, A. and Likos, C. N. and Sciortino, F. and Roovers, J. and Iatrou, H. and Hadjichristidis, N. and Tartaglia, P. and L\"owen, H. and Vlassopoulos, D.},
  journal = {Phys. Rev. Lett.},
  volume = {95},
  issue = {26},
  pages = {268301},
  numpages = {4},
  year = {2005},
  month = {Dec},
  publisher = {American Physical Society},
  doi = {10.1103/PhysRevLett.95.268301},
  url = {https://link.aps.org/doi/10.1103/PhysRevLett.95.268301}
}

@article{kalathiprl2012,
  title = {Universal Viscosity Behavior of Polymer Nanocomposites},
  author = {Kalathi, Jagannathan T. and Grest, Gary S. and Kumar, Sanat K.},
  journal = {Phys. Rev. Lett.},
  volume = {109},
  issue = {19},
  pages = {198301},
  numpages = {5},
  year = {2012},
  month = {Nov},
  publisher = {American Physical Society},
  doi = {10.1103/PhysRevLett.109.198301},
  url = {https://link.aps.org/doi/10.1103/PhysRevLett.109.198301}
}

@article{ranjini2017,
  title = {Effects of polydispersity on the glass transition dynamics of aqueous suspensions of soft spherical colloidal particles},
  author = {Behera, Sanjay Kumar and Saha, Debasish and Gadige, Paramesh and Bandyopadhyay, Ranjini},
  journal = {Phys. Rev. Materials},
  volume = {1},
  issue = {5},
  pages = {055603},
  numpages = {10},
  year = {2017},
  month = {Oct},
  publisher = {American Physical Society},
  doi = {10.1103/PhysRevMaterials.1.055603},
  url = {https://link.aps.org/doi/10.1103/PhysRevMaterials.1.055603}
}

@article{pednekar2018,
  author = {Pednekar,Sidhant  and Chun,Jaehun  and Morris,Jeffrey F. },
  title = {Bidisperse and polydisperse suspension rheology at large solid fraction},
  journal = {Journal of Rheology},
  volume = {62},
  number = {2},
  pages = {513-526},
  year = {2018},
  doi = {10.1122/1.5011353},
  URL = {https://doi.org/10.1122/1.5011353},
  eprint = {https://doi.org/10.1122/1.5011353}
}

@article{atsushi21,
  title = {Phase transition in the binary mixture of jammed particles with large size dispersity},
  author = {Hara, Yusuke and Mizuno, Hideyuki and Ikeda, Atsushi},
  journal = {Phys. Rev. Research},
  volume = {3},
  issue = {2},
  pages = {023091},
  numpages = {10},
  year = {2021},
  month = {May},
  publisher = {American Physical Society},
  doi = {10.1103/PhysRevResearch.3.023091},
  url = {https://link.aps.org/doi/10.1103/PhysRevResearch.3.023091}
}

@article{luding20,
  title = {Additional Transition Line in Jammed Asymmetric Bidisperse Granular Packings},
  author = {Petit, Juan C. and Kumar, Nishant and Luding, Stefan and Sperl, Matthias},
  journal = {Phys. Rev. Lett.},
  volume = {125},
  issue = {21},
  pages = {215501},
  numpages = {5},
  year = {2020},
  month = {Nov},
  publisher = {American Physical Society},
  doi = {10.1103/PhysRevLett.125.215501},
  url = {https://link.aps.org/doi/10.1103/PhysRevLett.125.215501}
}

@Article{ching10,
  author ="Xu, Ning and Ching, Emily S. C.",
  title  ="Effects of particle-size ratio on jamming of binary mixtures at zero temperature",
  journal  ="Soft Matter",
  year  ="2010",
  volume  ="6",
  issue  ="13",
  pages  ="2944-2948",
  publisher  ="The Royal Society of Chemistry",
  doi  ="10.1039/B926696H",
  url  ="http://dx.doi.org/10.1039/B926696H",
}

@article{eric2015,
  title = {Affine and nonaffine motions in sheared polydisperse emulsions},
  author = {Clara-Rahola, J. and Brzinski, T. A. and Semwogerere, D. and Feitosa, K. and Crocker, J. C. and Sato, J. and Breedveld, V. and Weeks, Eric R.},
  journal = {Phys. Rev. E},
  volume = {91},
  issue = {1},
  pages = {010301},
  numpages = {5},
  year = {2015},
  month = {Jan},
  publisher = {American Physical Society},
  doi = {10.1103/PhysRevE.91.010301},
  url = {https://link.aps.org/doi/10.1103/PhysRevE.91.010301}
}

@article{hanley1987,
  title = {},
  author = {Hanley, H. J. M. and Rainwater, J. C. and Hess, S.},
  journal = {Phys. Rev. A},
  volume = {36},
  issue = {},
  pages = {1795},
  numpages = {},
  year = {1987},
  month = {},
  publisher = {},
  doi = {},
  url = {}
}

@article{rainwater1988,
  title = {},
  author = {Rainwater, J. C. and Hanley, H. J. M. and Hess, S.},
  journal = {Phys. Lett. A},
  volume = {126},
  issue = {},
  pages = {450},
  numpages = {},
  year = {1988},
  month = {},
  publisher = {},
  doi = {},
  url = {}
}

@article{gan1992,
  title = {},
  author = {Gan, H. H. and Eu, B. C.},
  journal = {Phys. Rev. A},
  volume = {45},
  issue = {},
  pages = {3670},
  numpages = {},
  year = {1992},
  month = {},
  publisher = {},
  doi = {},
  url = {}
}

@article{cheng2011intrinsic,
  title={Intrinsic shear strength of metallic glass},
  author={Cheng, YQ and Ma, E},
  journal={Acta Materialia},
  volume={59},
  number={4},
  pages={1800--1807},
  year={2011},
  publisher={Elsevier}
}

@article{tian2012approaching,
  title={Approaching the ideal elastic limit of metallic glasses},
  author={Tian, Lin and Cheng, Yong-Qiang and Shan, Zhi-Wei and Li, Ju and Wang, Cheng-Cai and Han, Xiao-Dong and Sun, Jun and Ma, Evan},
  journal={Nature communications},
  volume={3},
  number={1},
  pages={1--6},
  year={2012},
  publisher={Nature Publishing Group}
}

@article{ozawa2020role,
  title={Role of fluctuations in the yielding transition of two-dimensional glasses},
  author={Ozawa, Misaki and Berthier, Ludovic and Biroli, Giulio and Tarjus, Gilles},
  journal={Physical Review Research},
  volume={2},
  number={2},
  pages={023203},
  year={2020},
  publisher={APS}
}

@article{dasgupta2013yield,
  title={Yield strain in shear banding amorphous solids},
  author={Dasgupta, Ratul and Hentschel, H George E and Procaccia, Itamar},
  journal={Physical Review E},
  volume={87},
  number={2},
  pages={022810},
  year={2013},
  publisher={APS}
}

@article{hieronymus2017shear,
  title={Shear banding in metallic glasses described by alignments of Eshelby quadrupoles},
  author={Hieronymus-Schmidt, Vitalij and R{\"o}sner, Harald and Wilde, Gerhard and Zaccone, Alessio},
  journal={Physical Review B},
  volume={95},
  number={13},
  pages={134111},
  year={2017},
  publisher={APS}
}

@article{hassani2019probing,
  title={Probing the degree of heterogeneity within a shear band of a model glass},
  author={Hassani, Muhammad and Lagogianni, Alexandra E and Varnik, Fathollah},
  journal={Physical review letters},
  volume={123},
  number={19},
  pages={195502},
  year={2019},
  publisher={APS}
}

@article{ozawa2018random,
  title={Random critical point separates brittle and ductile yielding transitions in amorphous materials},
  author={Ozawa, Misaki and Berthier, Ludovic and Biroli, Giulio and Rosso, Alberto and Tarjus, Gilles},
  journal={Proceedings of the National Academy of Sciences},
  volume={115},
  number={26},
  pages={6656--6661},
  year={2018},
  publisher={National Acad Sciences}
}

@article{ozawa2022rare,
  title={Rare events and disorder control the brittle yielding of well-annealed amorphous solids},
  author={Ozawa, Misaki and Berthier, Ludovic and Biroli, Giulio and Tarjus, Gilles},
  journal={Physical Review Research},
  volume={4},
  number={2},
  pages={023227},
  year={2022},
  publisher={APS}
}

@article{mcquarrie1973statistical,
  title={Statistical thermodynamics},
  author={McQuarrie, Donald Allan},
  year={1973},
  publisher={Harper and Row}
}

@article{donati2002,
  title={Theory of non-linear susceptibility and correlation length in glasses and liquids},
  author={Donati, Claudio and Franz, Silvio and Glotzer, Sharon C and Parisi, Giorgio},
  journal={Journal of non-crystalline solids},
  volume={307},
  pages={215--224},
  year={2002},
  publisher={Elsevier}
}

@article{travis1997departure,
  title={Departure from Navier-Stokes hydrodynamics in confined liquids},
  author={Travis, Karl P and Todd, BD and Evans, Denis J},
  journal={Physical Review E},
  volume={55},
  number={4},
  pages={4288},
  year={1997},
  publisher={APS}
}

@article{todd1997temperature,
  title={Temperature profile for Poiseuille flow},
  author={Todd, BD and Evans, Denis J},
  journal={Physical Review E},
  volume={55},
  number={3},
  pages={2800},
  year={1997},
  publisher={APS}
}

@article{wei2002evolution,
  title={Evolution and microstructure of shear bands in nanostructured Fe},
  author={Wei, Q and Jia, D and Ramesh, KT and Ma, E},
  journal={Applied physics letters},
  volume={81},
  number={7},
  pages={1240--1242},
  year={2002},
  publisher={American Institute of Physics}
}

@article{lewandowski2006temperature,
  title={Temperature rise at shear bands in metallic glasses},
  author={Lewandowski, JJ and Greer, AL},
  journal={Nature materials},
  volume={5},
  number={1},
  pages={15--18},
  year={2006},
  publisher={Nature Publishing Group}
}

@article{fan2022predicting,
  title={Predicting the location of shear band initiation in a metallic glass},
  author={Fan, Z and Ma, E and Falk, ML},
  journal={Physical Review Materials},
  volume={6},
  number={6},
  pages={065602},
  year={2022},
  publisher={APS}
}

@book{frenkel2001understanding,
  title={Understanding molecular simulation: from algorithms to applications},
  author={Frenkel, Daan and Smit, Berend},
  volume={1},
  year={2001},
  publisher={Elsevier}
}

@book{van1992stochastic,
  title={Stochastic processes in physics and chemistry},
  author={Van Kampen, Nicolaas Godfried},
  volume={1},
  year={1992},
  publisher={Elsevier}
}

@article{verlet1967computer,
  title={Computer" experiments" on classical fluids. I. Thermodynamical properties of Lennard-Jones molecules},
  author={Verlet, Loup},
  journal={Physical review},
  volume={159},
  number={1},
  pages={98},
  year={1967},
  publisher={APS}
}

@article{alder1957phase,
  title={Phase transition for a hard sphere system},
  author={Alder, Berni Julian and Wainwright, Thomas Everett},
  journal={The Journal of chemical physics},
  volume={27},
  number={5},
  pages={1208--1209},
  year={1957},
  publisher={American Institute of Physics}
}

@article{alder1959studies,
  title={Studies in molecular dynamics. I. General method},
  author={Alder, Berni J and Wainwright, Thomas Everett},
  journal={The Journal of Chemical Physics},
  volume={31},
  number={2},
  pages={459--466},
  year={1959},
  publisher={American Institute of Physics}
}

@article{rahman1964correlations,
  title={Correlations in the motion of atoms in liquid argon},
  author={Rahman, Aneesur},
  journal={Physical review},
  volume={136},
  number={2A},
  pages={A405},
  year={1964},
  publisher={APS}
}

@article{metropolis1949monte,
  title={The monte carlo method},
  author={Metropolis, Nicholas and Ulam, Stanislaw},
  journal={Journal of the American statistical association},
  volume={44},
  number={247},
  pages={335--341},
  year={1949},
  publisher={Taylor \& Francis}
}

@article{evans1984nonlinear,
  title={Nonlinear-response theory for steady planar Couette flow},
  author={Evans, Denis J and Morriss, GP},
  journal={Physical Review A},
  volume={30},
  number={3},
  pages={1528},
  year={1984},
  publisher={APS}
}

@article{grest1989vectorized,
  title={Vectorized link cell Fortran code for molecular dynamics simulations for a large number of particles},
  author={Grest, Gary S and D{\"u}nweg, Burkhard and Kremer, Kurt},
  journal={Computer Physics Communications},
  volume={55},
  number={3},
  pages={269--285},
  year={1989},
  publisher={Elsevier}
}

@article{karmakar2014growing,
  title={Growing length scales and their relation to timescales in glass-forming liquids},
  author={Karmakar, Smarajit and Dasgupta, Chandan and Sastry, Srikanth},
  journal={Annu. Rev. Condens. Matter Phys},
  volume={5},
  number={1},
  pages={255--284},
  year={2014}
}

@article{garrahan2011dynamic,
  title={Dynamic heterogeneity comes to life},
  author={Garrahan, Juan P},
  journal={Proceedings of the national academy of sciences},
  volume={108},
  number={12},
  pages={4701--4702},
  year={2011},
  publisher={National Acad Sciences}
}

@article{abou2001aging,
  title={Aging dynamics in a colloidal glass},
  author={Abou, B{\'e}rengere and Bonn, Daniel and Meunier, Jacques},
  journal={Physical Review E},
  volume={64},
  number={2},
  pages={021510},
  year={2001},
  publisher={APS}
}

@article{kob2000fluctuations,
  title={Fluctuations, response and aging dynamics in a simple glass-forming liquid out of equilibrium},
  author={Kob, Walter and Barrat, J-L},
  journal={The European Physical Journal B-Condensed Matter and Complex Systems},
  volume={13},
  number={2},
  pages={319--333},
  year={2000},
  publisher={Springer}
}

@article{fiocco2014encoding,
  title={Encoding of memory in sheared amorphous solids},
  author={Fiocco, Davide and Foffi, Giuseppe and Sastry, Srikanth},
  journal={Physical review letters},
  volume={112},
  number={2},
  pages={025702},
  year={2014},
  publisher={APS}
}

@article{priezjev2019effect,
  title={The effect of cryogenic thermal cycling on aging, rejuvenation, and mechanical properties of metallic glasses},
  author={Priezjev, Nikolai V},
  journal={Journal of Non-Crystalline Solids},
  volume={503},
  pages={131--138},
  year={2019},
  publisher={Elsevier}
}

@article{longhurst1985soret,
  title={The Soret effect and its implications for fusion reactors},
  author={Longhurst, Glen R},
  journal={Journal of nuclear materials},
  volume={131},
  number={1},
  pages={61--69},
  year={1985},
  publisher={Elsevier}
}

@article{guy1992modelling,
  title={Modelling of Soret diffusion in radioactive waste glass},
  author={Guy, Christophe and Schott, Jacques},
  journal={Applied geochemistry},
  volume={7},
  pages={33--40},
  year={1992},
  publisher={Elsevier}
}

@article{dominguez2011soret,
  title={The Soret effect and isotopic fractionation in high-temperature silicate melts},
  author={Dominguez, Gerardo and Wilkins, Gautam and Thiemens, Mark H},
  journal={Nature},
  volume={473},
  number={7345},
  pages={70--73},
  year={2011},
  publisher={Nature Publishing Group}
}

@article{koniger2013thermophoresis,
  title={Thermophoresis of thermoresponsive polystyrene--poly (N-isopropylacrylamide) core--shell particles},
  author={K{\"o}niger, Andreas and Plack, Nadine and K{\"o}hler, Werner and Siebenb{\"u}rger, Miriam and Ballauff, Matthias},
  journal={Soft Matter},
  volume={9},
  number={5},
  pages={1418--1421},
  year={2013},
  publisher={Royal Society of Chemistry}
}

@article{schroers2004ductile,
  title={Ductile bulk metallic glass},
  author={Schroers, Jan and Johnson, William L},
  journal={Physical review letters},
  volume={93},
  number={25},
  pages={255506},
  year={2004},
  publisher={APS}
}

@article{smith1967crack,
  title={Crack nucleation in crystalline solids},
  author={Smith, E and Barnby, JT},
  journal={Metal Science Journal},
  volume={1},
  number={1},
  pages={56--64},
  year={1967},
  publisher={Taylor \& Francis}
}

@article{marchelli2011guide,
  title={The guide to glass 3D printing: developments, methods, diagnostics and results},
  author={Marchelli, Grant and Prabhakar, Renuka and Storti, Duane and Ganter, Mark},
  journal={Rapid Prototyping Journal},
  year={2011},
  publisher={Emerald Group Publishing Limited}
}

@article{hunter2012physics,
  title={The physics of the colloidal glass transition},
  author={Hunter, Gary L and Weeks, Eric R},
  journal={Reports on progress in physics},
  volume={75},
  number={6},
  pages={066501},
  year={2012},
  publisher={IOP Publishing}
}

@article{hima2015direct,
  title={Direct measurements of growing amorphous order and non-monotonic dynamic correlations in a colloidal glass-former},
  author={Hima Nagamanasa, K and Gokhale, Shreyas and Sood, AK and Ganapathy, Rajesh},
  journal={Nature Physics},
  volume={11},
  number={5},
  pages={403--408},
  year={2015},
  publisher={Nature Publishing Group}
}

@article{vogel1921temperaturabhängigkeitsgesetz,
  title={Das temperaturabhängigkeitsgesetz der viskosität von flüssigkeiten},
  author={Vogel, Hans},
  journal={Phys. Z.},
  volume={22},
  pages={645--646},
  year={1921}
}

@article{fulcher1992analysis,
  title={Analysis of recent measurements of the viscosity of glasses},
  author={Fulcher, Gordon S},
  journal={Journal of the American Ceramic Society},
  volume={75},
  number={5},
  pages={1043--1055},
  year={1992},
  publisher={Wiley Online Library}
}

@article{tammann1926abhangigkeit,
  title={Die Abh{\"a}ngigkeit der Viscosit{\"a}t von der Temperatur bie unterk{\"u}hlten Fl{\"u}ssigkeiten},
  author={Tammann, GHWZ and Hesse, W},
  journal={Zeitschrift f{\"u}r anorganische und allgemeine Chemie},
  volume={156},
  number={1},
  pages={245--257},
  year={1926},
  publisher={Wiley Online Library}
}

@book{chhabra2011non,
  title={Non-Newtonian flow and applied rheology: engineering applications},
  author={Chhabra, Raj P and Richardson, John Francis},
  year={2011},
  publisher={Butterworth-Heinemann}
}

@article{chaudhuri2016structural,
  title={Structural inhomogeneities in glasses via cavitation},
  author={Chaudhuri, Pinaki and Horbach, J{\"u}rgen},
  journal={Physical Review B},
  volume={94},
  number={9},
  pages={094203},
  year={2016},
  publisher={APS}
}

@article{sollich1997rheology,
  title={Rheology of soft glassy materials},
  author={Sollich, Peter and Lequeux, Fran{\c{c}}ois and H{\'e}braud, Pascal and Cates, Michael E},
  journal={Physical review letters},
  volume={78},
  number={10},
  pages={2020},
  year={1997},
  publisher={APS}
}

@article{sollich1998rheological,
  title={Rheological constitutive equation for a model of soft glassy materials},
  author={Sollich, Peter},
  journal={Physical Review E},
  volume={58},
  number={1},
  pages={738},
  year={1998},
  publisher={APS}
}

@article{reichman2005mode,
  title={Mode-coupling theory},
  author={Reichman, David R and Charbonneau, Patrick},
  journal={Journal of Statistical Mechanics: Theory and Experiment},
  volume={2005},
  number={05},
  pages={P05013},
  year={2005},
  publisher={IOP Publishing}
}

@article{bengtzelius1984dynamics,
  title={Dynamics of supercooled liquids and the glass transition},
  author={Bengtzelius, Ulf and Gotze, W and Sjolander, A},
  journal={Journal of Physics C: solid state Physics},
  volume={17},
  number={33},
  pages={5915},
  year={1984},
  publisher={IOP Publishing}
}

@article{bond1999nose,
  title={The Nos{\'e}--Poincar{\'e} method for constant temperature molecular dynamics},
  author={Bond, Stephen D and Leimkuhler, Benedict J and Laird, Brian B},
  journal={Journal of Computational Physics},
  volume={151},
  number={1},
  pages={114--134},
  year={1999},
  publisher={Elsevier}
}

@article{coslovich2013static,
  title={Static triplet correlations in glass-forming liquids: A molecular dynamics study},
  author={Coslovich, Daniele},
  journal={The Journal of chemical physics},
  volume={138},
  number={12},
  pages={12A539},
  year={2013},
  publisher={American Institute of Physics}
}

@article{luo2022many,
  title={Many-body correlations are non-negligible in both fragile and strong glassformers},
  author={Luo, Chengjie and Robinson, Joshua F and Pihlajamaa, Ilian and Debets, Vincent E and Royall, C Patrick and Janssen, Liesbeth MC},
  journal={Physical Review Letters},
  volume={129},
  number={14},
  pages={145501},
  year={2022},
  publisher={APS}
}

@article{isaeva2019modeling,
  title={Modeling heat transport in crystals and glasses from a unified lattice-dynamical approach},
  author={Isaeva, Leyla and Barbalinardo, Giuseppe and Donadio, Davide and Baroni, Stefano},
  journal={Nature communications},
  volume={10},
  number={1},
  pages={1--6},
  year={2019},
  publisher={Nature Publishing Group}
}

@article{fiorentino2022green,
  title={From Green-Kubo to the full Boltzmann kinetic approach to heat transport in crystals and glasses},
  author={Fiorentino, Alfredo and Baroni, Stefano},
  journal={arXiv preprint arXiv:2206.01279},
  year={2022}
}

@article{simonnin2017diffusion,
  title={Diffusion under confinement: Hydrodynamic finite-size effects in simulation},
  author={Simonnin, Pauline and Noetinger, Beno{\i}̂t and Nieto-Draghi, Carlos and Marry, Virginie and Rotenberg, Benjamin},
  journal={Journal of Chemical Theory and Computation},
  volume={13},
  number={6},
  pages={2881--2889},
  year={2017},
  publisher={ACS Publications}
}

@article{chantrenne2004finite,
  title={Finite size effects in determination of thermal conductivities: comparing molecular dynamics results with simple models},
  author={Chantrenne, Patrice and Barrat, Jean-Louis},
  journal={J. Heat Transfer},
  volume={126},
  number={4},
  pages={577--585},
  year={2004}
}